@Manual{R-appraiseR,
  title = {appraiseR: Tools for Real Estate Appraisal},
  author = {Luiz F. P. Droubi},
  year = {2019},
  note = {R package version 0.1.0.9000},
  url = {https://github.com/lfpdroubi/appraiseR},
}
@Manual{R-pagedown,
  title = {pagedown: Paginate the HTML Output of R Markdown with CSS for Print},
  author = {Yihui Xie and Romain Lesur and Brent Thorne},
  year = {2019},
  note = {R package version 0.4},
  url = {https://CRAN.R-project.org/package=pagedown},
}
