@Book{Matloff_2017,
  doi = {10.1201/9781315119588},
  url = {https://doi.org/10.1201/9781315119588},
  year = {2017},
  month = {sep},
  publisher = {Chapman and Hall/{CRC}},
  author = {Norman Matloff},
  title = {Statistical Regression and Classification},
}
@article{wainer,
 ISSN = {09567976, 14679280},
 URL = {http://www.jstor.org/stable/40063555},
 author = {Howard Wainer},
 journal = {Psychological Science},
 number = {5},
 pages = {434--436},
 publisher = {[Association for Psychological Science, Sage Publications, Inc.]},
 title = {The Centercept: An Estimable and Meaningful Regression Parameter},
 volume = {11},
 year = {2000}
}